@article{souto2013spatially,
  title={Spatially-resolved imaging of concentration distributions on corroding magnesium-based materials exposed to aqueous environments by SECM},
  author={Souto, Ricardo M and Kiss, Andr√°s and Izquierdo, Javier and Nagy, L{\'\i}via and Bitter, Istv{\'a}n and Nagy, G{\'e}za},
  journal={Electrochemistry Communications},
  volume={26},
  pages={25--28},
  year={2013},
  publisher={Elsevier}
}

@article{horrocks1993scanning,
  title={Scanning electrochemical microscopy. 19. Ion-selective potentiometric microscopy},
  author={Horrocks, Benjamin R and Mirkin, Michael V and Pierce, David T and Bard, Allen J and Nagy, Geza and Toth, Klara},
  journal={Analytical Chemistry},
  volume={65},
  number={9},
  pages={1213--1224},
  year={1993},
  publisher={ACS Publications}
}

@book{mcnaught1997compendium,
  title={Compendium of chemical terminology},
  author={McNaught, Alan D and McNaught, Alan D},
  volume={1669},
  year={1997},
  publisher={Blackwell Science Oxford}
}

@article{halliwell1987using,
  title={Using microelectrodes},
  author={Halliwell, JAMES and Whitaker, MICHAEL and OGDEN, DAVID},
  journal={Microelectrode techniques. The Company of Biologists Limited, Cambridge, ppl},
  volume={12},
  year={1987}
}

@article{gyurcsanyi2004chemical,
  title={Chemical imaging of biological systems with the scanning electrochemical microscope},
  author={Gyurcs{\'a}nyi, R{\'o}bert E and J{\'a}gerszki, Gyula and Kiss, Gergely and T{\'o}th, Kl{\'a}ra},
  journal={Bioelectrochemistry},
  volume={63},
  number={1},
  pages={207--215},
  year={2004},
  publisher={Elsevier}
}

@article{toth1993analytical,
  title={Analytical performances of lipophilic diamides based alkaline earth ion-selective electrodes},
  author={T{\'o}th, Kl{\'a}ra and Lindner, Ern{\"o} and Horv{\'a}th, M{\'a}ria and Jeney, Judit and Pungor, Ern{\"o} and Bitter, Istv{\'a}n and {\'A}gai, B{\'e}la and T{\"o}ke, L{\'a}szl{\'o}},
  journal={Electroanalysis},
  volume={5},
  number={9-10},
  pages={781--790},
  year={1993},
  publisher={Wiley Online Library}
}

@article{gyetvai2007solid,
  title={Solid contact micropipette ion selective electrode for potentiometric SECM},
  author={Gyetvai, Gergely and Sundblom, S{\"o}ren and Nagy, L{\'\i}via and Ivaska, Ari and Nagy, G{\'e}za},
  journal={Electroanalysis},
  volume={19},
  number={10},
  pages={1116--1122},
  year={2007},
  publisher={Wiley Online Library}
}

@article{lamaka2009novel,
  title={Novel Solid-Contact Ion-Selective Microelectrodes for Localized Potentiometric Measurements},
  author={Lamaka, Svetlana V and Taryba, Maryna G and Zheludkevich, Mikhail L and Ferreira, Mario GS},
  journal={Electroanalysis},
  volume={21},
  number={22},
  pages={2447--2453},
  year={2009},
  publisher={Wiley Online Library}
}

@article{beyenal2004improved,
  title={An improved Severinghaus-type carbon dioxide microelectrode for use in biofilms},
  author={Beyenal, Haluk and Davis, Catherine C and Lewandowski, Zbigniew},
  journal={Sensors and Actuators B: Chemical},
  volume={97},
  number={2},
  pages={202--210},
  year={2004},
  publisher={Elsevier}
}

@article{uhl1923electrometric,
  title={The electrometric titration of acids and bases with the antimony indicator electrodes},
  author={Uhl, A and Kestranek, W},
  journal={Monatsh. Chem},
  volume={44},
  pages={29--34},
  year={1923}
}

@article{scott1993iontophoretic,
  title={Iontophoretic transport through porous membranes using scanning electrochemical microscopy: application to in vitro studies of ion fluxes through skin},
  author={Scott, Erik R and White, Henry S and Phipps, J Bradley},
  journal={Analytical chemistry},
  volume={65},
  number={11},
  pages={1537--1545},
  year={1993},
  publisher={ACS Publications}
}

@misc{lide2001crc,
  title={CRC handbook of physics and chemistry},
  author={Lide, David R},
  year={2001},
  publisher={CRC}
}

@article{lindner1976response,
  title={Response time curves of ion-selective electrodes},
  author={Lindner, Erno and Toth, Klara and Pungor, Erno},
  journal={Analytical Chemistry},
  volume={48},
  number={7},
  pages={1071--1078},
  year={1976},
  publisher={ACS Publications}
}

@article{calugareanu2013ion,
  title={Ion Selective Electrodes for Microalgal Biotechnology},
  author={Calugareanu, Mihaela and Nagy, Geza and Josceanu, Ana Maria and Nagy, Livia},
  journal={REVISTA DE CHIMIE},
  volume={64},
  number={2},
  pages={205--209},
  year={2013},
  publisher={CHIMINFORM DATA SA CALEA PLEVNEI NR 139, SECTOR 6, BUCHAREST R-77131, ROMANIA}
}

@misc{britzdigital,
  title={Digital Simulation in Electrochemistry, 1988},
  author={Britz, D},
  publisher={Springer, Berlin}
}

@article{graham1946judith,
  title={Membrane potentials and excitation of impaled single muscle fibers},
  author={GRAHAM, I JUDITH},
  journal={Journal of Cellular and Comparative Physiology},
  volume={28},
  pages={99--118},
  year={1946},
  publisher={Am Heart Assoc}
}

@article{webb1940electrolyte,
  title={Electrolyte content and action potential of the giant nerve fibres of loligo},
  author={Webb, DA and Young, JZ},
  journal={The Journal of physiology},
  volume={98},
  number={3},
  pages={299},
  year={1940},
  publisher={Wiley-Blackwell}
}

@article{curtis1942membrane,
  title={Membrane resting and action potentials from the squid giant axon},
  author={Curtis, Howard J and Cole, Kenneth S},
  journal={Journal of cellular and comparative physiology},
  volume={19},
  number={2},
  pages={135--144},
  year={1942},
  publisher={Wiley Online Library}
}

@article{curtis1940membrane,
  title={Membrane action potentials from the squid giant axon},
  author={Curtis, Howard J and Cole, Kenneth S},
  journal={Journal of Cellular and Comparative Physiology},
  volume={15},
  number={2},
  pages={147--157},
  year={1940},
  publisher={Wiley Online Library}
}

@article{ling1949normal,
  title={The normal membrane potential of frog sartorius fibers},
  author={Ling, G and Gerard, RW},
  journal={Journal of cellular and comparative physiology},
  volume={34},
  number={3},
  pages={383--396},
  year={1949},
  publisher={Wiley Online Library}
}

@article{nastuk1950electrical,
  title={The electrical activity of single muscle fibers},
  author={Nastuk, WL and Hodgkin, Ak L},
  journal={Journal of Cellular and comparative Physiology},
  volume={35},
  number={1},
  pages={39--73},
  year={1950},
  publisher={Wiley Online Library}
}

@article{hodgkin1949membrane,
  title={Membrane potentials in single fibres of the frog's sartorius muscle.},
  author={Hodgkin, AL and Nastuk, WL},
  journal={The Journal of physiology},
  volume={108},
  number={3},
  pages={Proc--42},
  year={1949}
}

@article{ling1950external,
  title={External potassium and the membrane potential of single muscle fibres},
  author={Ling, Gilbert and Gerard, RW},
  year={1950},
  publisher={Nature Publishing Group}
}

@article{neher1976single,
  title={Single-channel currents recorded from membrane of denervated frog muscle fibres},
  author={Neher, Erwin and Sakmann, Bert},
  journal={Nature},
  pages={799-802},
  year={1976},
  publisher={Nature Publishing Group}
}

@article{neher1978extracellular,
  title={The extracellular patch clamp: a method for resolving currents through individual open channels in biological membranes},
  author={Neher, Erwin and Sakmann, Bert and Steinbach, Joe Henry},
  journal={Pfl{\"u}gers Archiv},
  volume={375},
  number={2},
  pages={219--228},
  year={1978},
  publisher={Springer}
}

@book{cremer1906direkte,
  title={{\"U}ber die direkte ableitung der aktionsstr{\"o}me des menschlichen herzens vom oesophagus und {\"u}ber das elektrokardogramm des f{\"o}tus},
  author={Cremer, Max},
  year={1906},
  publisher={Lehmann}
}

@book{cremer1906ursache,
  title={{\"U}ber die Ursache der elektromotorischen Eigenschaften der Gewebe, zugleich ein Beitrag zur Lehre von den polyphasischen Elektrolytketten},
  author={Cremer, Max},
  year={1906},
  publisher={R. Oldenbourg}
}

@article{sorensen1909messung,
  title={{\"U}ber die Messung und die Bedeutung der Wasserstoffionenkonzentration bei enzymatischen Prozessen},
  author={S{\o}rensen, S{\o}ren Peter Lauritz},
  year={1909}
}

@book{durst1975standardization,
  title={Standardization of pH measurements},
  author={Durst, Richard A},
  volume={260},
  number={53},
  year={1975},
  publisher={US Dept. of Commerce, National Bureau of Standards: for sale by the Supt. of Docs., US Govt. Print. Off.}
}

@article{covington2002measurement,
  title={Measurement of pH. Definition, Standards, and Procedures},
  author={Covington, AK and Milton, MJT and Brett, CMA and Baucke, FGK and Wilson, George S and Naumann, R and Pratt, KW and Spitzer, P and Rondinini, S and Buck, RP and others},
  year={2002},
  publisher={International Union of Pure and Applied Chemistry}
}

@article{caldwell1954investigation,
  title={An investigation of the intracellular pH of crab muscle fibres by means of micro-glass and micro-tungsten electrodes},
  author={Caldwell, PC},
  journal={The Journal of physiology},
  volume={126},
  number={1},
  pages={169},
  year={1954},
  publisher={Wiley-Blackwell}
}

@article{haber1909elektrische,
  title={{\"U}ber elektrische phasengrenzkr{\"a}fte},
  author={Haber, Fritz and Klemensiewicz, Zygmunt},
  journal={Z. phys. Chem},
  volume={67},
  pages={385--431},
  year={1909}
}

@article{haber1909concerning,
  title={Concerning electrical phase boundary forces.},
  author={Haber, F and Klemensiewicz, Z},
  journal={Zeitschrift Fur Physikalische Chemie-Stochiometrie Und Verwandtschaftslehre},
  volume={67},
  number={4},
  pages={385--431},
  year={1909},
  publisher={AKAD VERLAGSGESELLSCH GEEST \& PORTIG STERNWARTENSTRASSE 8 POSTSCHLIESFACH 106, O-7010 LEIPZIG, GERMANY}
}

@article{eisenman1957glass,
  title={Glass electrode for measuring sodium ion},
  author={Eisenman, George and Rudin, Donald O and Casby, James U},
  journal={Science},
  volume={126},
  number={3278},
  pages={831--834},
  year={1957},
  publisher={American Association for the Advancement of Science}
}

@article{hinke1959glass,
  title={Glass micro-electrodes for measuring intracellular activities of sodium and potassium},
  author={Hinke, JAM},
  year={1959},
  publisher={Nature Publishing Group}
}

@article{lengyel1934behaviour,
  title={The behaviour of the glass electrode in connection with its chemical composition},
  author={Lengyel, B v and Blum, E},
  journal={Transactions of the Faraday Society},
  volume={30},
  pages={461--471},
  year={1934},
  publisher={Royal Society of Chemistry}
}

@article{friedman1958use,
  title={Use of glass electrode for measuring sodium in biological systems.},
  author={Friedman, Sydney M and Jamieson, James D and Hinke, JAM and Friedman, Constance L},
  journal={Experimental Biology and Medicine},
  volume={99},
  number={3},
  pages={727--730},
  year={1958},
  publisher={SAGE Publications}
}

@article{friedman1959drug,
  title={Drug-induced changes in blood pressure and in blood sodium as measured by glass electrode},
  author={Friedman, Sydney M and Jamieson, James D and Hinke, JAM and Friedman, Constance L},
  journal={American Journal of Physiology--Legacy Content},
  volume={196},
  number={5},
  pages={1049--1052},
  year={1959},
  publisher={Am Physiological Soc}
}

@article{eisenman1967membrane,
  title={Membrane structure and ion permeation},
  author={Eisenman, G and Sandblom, JP and Walker, JL},
  journal={Science},
  volume={155},
  number={3765},
  pages={965--974},
  year={1967},
  publisher={American Association for the Advancement of Science}
}

@article{beutner1913new,
  title={New Galvanic Phenomena},
  author={Beutner, Reinhard},
  journal={American Journal of Physiology--Legacy Content},
  volume={31},
  number={6},
  pages={343--351},
  year={1913},
  publisher={Am Physiological Soc}
}

@article{walkerLIX1,
  title={Electrical Phenomena Associated with the Transport of Ions and Ion Pairs in Liquid Ion-Exchange Membranes. I. Zero Current Properties},
  author={Sandblom, JP and Eisenmann, G and Walker, JL},
  journal={Journal of Physical Chemistry},
  volume={71(12)},
  pages={3862--3870},
  year={1967},
  publisher={American Chemical Society}
}

@article{walkerLIX2,
  title={Electrical Phenomena Associated with the Transport of Ions and Ion Pairs in Liquid Ion-Exchange Membranes. I. Nonzero Current Properties},
  author={Sandblom, JP and Eisenmann, G and Walker, JL},
  journal={Journal of Physical Chemistry},
  volume={71(12)},
  pages={3871--3878},
  year={1967},
  publisher={American Chemical Society}
}

@article{walker1971ion,
  title={Ion specific liquid ion exchanger microelectrodes},
  author={WALKER JR, JOHN L},
  journal={Analytical chemistry},
  volume={43},
  number={3},
  pages={89A--93A},
  year={1971},
  publisher={ACS Publications}
}

@article{nicolsky1937theory,
  title={Theory of the glass electrode. I},
  author={Nicolsky, BP},
  journal={Acta Physiochem USSR},
  volume={7},
  pages={597},
  year={1937}
}

@article{vstefanac1967ion,
  title={Ion specific electrochemical behavior of macrotetrolides in membranes},
  author={{\v{S}}tefanac, Z and Simon, W},
  journal={Microchemical Journal},
  volume={12},
  number={1},
  pages={125--132},
  year={1967},
  publisher={Elsevier}
}

@article{stefanac1966highly,
  title={Highly selective cation electrode systems based on in-vitro behavior of macrotetrolides in membranes},
  author={Stefanac, Z and Simon, W},
  journal={Chimica},
  volume={20},
  pages={436--440},
  year={1966}
}

@article{kimura1979potassium,
  title={Potassium-selective PVC membrane electrodes based on bis-and poly (crown ether) s},
  author={Kimura, Keiichi and Maeda, Takumi and Tamura, Hiroshi and Shono, Toshiyuki},
  journal={Journal of Electroanalytical Chemistry and Interfacial Electrochemistry},
  volume={95},
  number={1},
  pages={91--101},
  year={1979},
  publisher={Elsevier}
}

@article{ammann1987valinomycin,
  title={Valinomycin-based K+ selective microelectrodes with low electrical membrane resistance},
  author={Ammann, Daniel and Chao, Pingsan and Simon, Wilhelm},
  journal={Neuroscience letters},
  volume={74},
  number={2},
  pages={221--226},
  year={1987},
  publisher={Elsevier}
}

@article{oehme1976microelectrode,
  title={Microelectrode for potassium ions based on a neutral carrier and comparison of its characteristics with a cation exchanger sensor},
  author={Oehme, M and Simon, W},
  journal={Analytica chimica acta},
  volume={86},
  pages={21--25},
  year={1976},
  publisher={Elsevier}
}

@article{wuhrmann1979change,
  title={Change in nuclear potassium electrochemical activity and puffing of potassium-sensitive salivary chromosome regions during Chironomus development},
  author={Wuhrmann, P and Ineichen, H and Riesen-Willi, U and Lezzi, M},
  journal={Proceedings of the National Academy of Sciences},
  volume={76},
  number={2},
  pages={806--808},
  year={1979},
  publisher={National Acad Sciences}
}

@article{harned1958activity,
  title={The activity coefficient of hydrochloric acid in potassium chloride solutions},
  author={Harned, Herbert S and Gancy, AB},
  journal={The Journal of Physical Chemistry},
  volume={62},
  number={5},
  pages={627--629},
  year={1958},
  publisher={ACS Publications}
}

@article{bates1960report,
  title={Report on the standardization of pH and related terminology},
  author={Bates, RG and Guggenheim, EA},
  journal={Pure and Applied Chemistry},
  volume={1},
  number={1},
  pages={163--168},
  year={1960}
}

@article{binnig1982surface,
  title={Surface studies by scanning tunneling microscopy},
  author={Binnig, Gerd and Rohrer, Heinrich and Gerber, Ch and Weibel, E},
  journal={Physical review letters},
  volume={49},
  number={1},
  pages={57},
  year={1982},
  publisher={APS}
}

@article{binnig1982tunneling,
  title={Tunneling through a controllable vacuum gap},
  author={Binnig, Gerd and Rohrer, Heinrich and Gerber, Ch and Weibel, Eddie},
  journal={Applied Physics Letters},
  volume={40},
  number={2},
  pages={178--180},
  year={1982},
  publisher={AIP Publishing}
}

@article{binnig1982physica,
  title={Physica (Utrecht) 107B+ C (1981) 1335; 109 and 110B (1982) 2075},
  author={Binnig, Gerd and Rohrer, Heinrich and Gerber, Ch and Weibel, E},
  journal={Appl. Phys. Lett},
  volume={40},
  pages={178},
  year={1982}
}

@misc{bennig1988atomic,
  title={Atomic force microscope and method for imaging surfaces with atomic resolution},
  author={Binnig, G.K.},
  url={https://www.google.com/patents/US4724318},
  year={1988},
  month=feb # "~9",
  publisher={Google Patents},
  note={US Patent 4,724,318}
}

@article{binnig1986atomic,
  title={Atomic force microscope},
  author={Binnig, Gerd and Quate, Calvin F and Gerber, Ch},
  journal={Physical review letters},
  volume={56},
  number={9},
  pages={930},
  year={1986},
  publisher={APS}
}

@incollection{kaiser1990direct,
  title={Direct investigation of subsurface interface electronic structure by ballistic-electron-emission microscopy},
  author={Kaiser, WJ and Bell, LD},
  booktitle={Electronic Structure of Metal-Semiconductor Contacts},
  pages={252--255},
  year={1990},
  publisher={Springer}
}

@article{weaver1991high,
  title={High resolution atomic force microscopy potentiometry},
  author={Weaver, JMR and Abraham, David W},
  journal={Journal of Vacuum Science \& Technology B},
  volume={9},
  number={3},
  pages={1559--1561},
  year={1991},
  publisher={AVS: Science \& Technology of Materials, Interfaces, and Processing}
}

@article{nonnenmacher1991kelvin,
  title={Kelvin probe force microscopy},
  author={Nonnenmacher, M and o'Boyle, MP and Wickramasinghe, HK},
  journal={Applied physics letters},
  volume={58},
  number={25},
  pages={2921--2923},
  year={1991},
  publisher={AIP Publishing}
}

@article{hartmann1988magnetic,
  title={Magnetic force microscopy: Some remarks from the micromagnetic point of view},
  author={Hartmann, U},
  journal={Journal of applied physics},
  volume={64},
  number={3},
  pages={1561--1564},
  year={1988},
  publisher={AIP Publishing}
}

@article{chang1992scanning,
  title={Scanning Hall probe microscopy},
  author={Chang, Albert M and Hallen, Hans D and Harriott, L and Hess, HF and Kao, HL and Kwo, J and Miller, RE and Wolfe, R and Van der Ziel, J and Chang, TY},
  journal={Applied Physics Letters},
  volume={61},
  number={16},
  pages={1974--1976},
  year={1992},
  publisher={AIP Publishing}
}

@article{hansma1989scanning,
  title={The scanning ion-conductance microscope},
  author={Hansma, PK and Drake, B and Marti, O and Gould, SAC and Prater, CB},
  journal={Science},
  volume={243},
  number={4891},
  pages={641--643},
  year={1989},
  publisher={American Association for the Advancement of Science}
}

@article{xu1994thermal,
  title={Thermal sensors for investigation of heat transfer in scanning probe microscopy},
  author={Xu, JB and L{\"a}uger, K and Dransfeld, K and Wilson, IH},
  journal={Review of scientific instruments},
  volume={65},
  number={7},
  pages={2262--2266},
  year={1994},
  publisher={AIP Publishing}
}

@article{trenkler1998nanopotentiometry,
  title={Nanopotentiometry: Local potential measurements in complementary metal--oxide--semiconductor transistors using atomic force microscopy},
  author={Trenkler, Thomas and De Wolf, Peter and Vandervorst, Wilfried and Hellemans, Louis},
  journal={Journal of Vacuum Science \& Technology B},
  volume={16},
  number={1},
  pages={367--372},
  year={1998},
  publisher={AVS: Science \& Technology of Materials, Interfaces, and Processing}
}

@article{bard1989scanning,
  title={Scanning electrochemical microscopy. Introduction and principles},
  author={Bard, Allen J and Fan, Fu Ren F and Kwak, Juhyoun and Lev, Ovadia},
  journal={Analytical Chemistry},
  volume={61},
  number={2},
  pages={132--138},
  year={1989},
  publisher={ACS Publications}
}

@article{engstrom1986measurements,
  title={Measurements within the diffusion layer using a microelectrode probe},
  author={Engstrom, Royce C and Weber, Michael and Wunder, Daniel J and Burgess, Robert and Winquist, Sharon},
  journal={Analytical Chemistry},
  volume={58},
  number={4},
  pages={844--848},
  year={1986},
  publisher={ACS Publications}
}

@article{garcia1988electrochemistry,
  title={Electrochemistry in liquid sulfur dioxide. 8. Oxidation of iron, ruthenium, and osmium bipyridine complexes at ultramicroelectrodes at very positive potentials},
  author={Garcia, Edwin and Kwak, Juhyoun and Bard, Allen J},
  journal={Inorganic Chemistry},
  volume={27},
  number={24},
  pages={4377--4382},
  year={1988},
  publisher={ACS Publications}
}

@article{wipf1988fast,
  title={Fast-scan cyclic voltammetry as a method to measure rapid heterogeneous electron-transfer kinetics},
  author={Wipf, David O and Kristensen, Eric W and Deakin, Mark R and Wightman, R Mark},
  journal={Analytical Chemistry},
  volume={60},
  number={4},
  pages={306--310},
  year={1988},
  publisher={ACS Publications}
}

@article{engstrom1989scanning,
  title={Scanning electrochemical microscopy},
  author={Engstrom, Royce C and Pharr, Christine M},
  journal={Analytical Chemistry},
  volume={61},
  number={19},
  pages={1099A--1104A},
  year={1989},
  publisher={ACS Publications}
}

@article{horrocks1993scanning,
  title={Scanning electrochemical microscopy. 19. Ion-selective potentiometric microscopy},
  author={Horrocks, Benjamin R and Mirkin, Michael V and Pierce, David T and Bard, Allen J and Nagy, Geza and Toth, Klara},
  journal={Analytical Chemistry},
  volume={65},
  number={9},
  pages={1213--1224},
  year={1993},
  publisher={ACS Publications}
}

@book{peter2010atomic,
  title={Atomic force microscopy},
  author={Peter Eaton and Paul West},
  year={2010},
  publisher={Oxford University Press}
}

@article{lo1993investigation,
  title={Investigation of STM image artifacts by in-situ reflection electron microscopy},
  author={Lo, WK and Spence, JCH},
  journal={Ultramicroscopy},
  volume={48},
  number={4},
  pages={433--444},
  year={1993},
  publisher={Elsevier}
}

@article{chen2006deconvolution,
  title={Deconvolution of atomic force microscopy data for cellular and molecular imaging},
  author={Chen, Qian and Kumar, Shiva Arun},
  year={2006}
}

@article{osiro2012measuring,
  title={Measuring bacterial cells size with AFM},
  author={Osiro, Denise and Bernardes Filho, Rubens and Assis, Odilio Benedito Garrido and Jorge, L{\'u}cio Andr{\'e} de Castro and Colnago, Luiz Alberto},
  journal={Brazilian Journal of Microbiology},
  volume={43},
  number={1},
  pages={341--347},
  year={2012},
  publisher={SciELO Brasil}
}

@article{bukharaev1998three,
  title={Three-dimensional probe and surface reconstruction for atomic force microscopy using a deconvolution algorithm},
  author={Bukharaev, AA and Berdunov, NV and Ovchinnikov, DV and Salikhov, KM},
  journal={in practice},
  volume={5},
  pages={21},
  year={1998}
}

@article{robinson1988increasing,
  title={Increasing the scanning speed of scanning tunnelling microscopes},
  author={Robinson, RS},
  journal={Journal of Microscopy},
  volume={152},
  number={2},
  pages={387--397},
  year={1988},
  publisher={Wiley Online Library}
}

@article{lee1991scanning,
  title={Scanning electrochemical microscopy. 11. Improvement of image resolution by digital processing techniques},
  author={Lee, Chongmok and Wipf, David O and Bard, Allen J and Bartels, Keith and Bovik, Alan C},
  journal={Analytical Chemistry},
  volume={63},
  number={21},
  pages={2442--2447},
  year={1991},
  publisher={ACS Publications}
}

@article{schrader1996potential,
  title={Potential of confocal microscopes to resolve in the 50--100 nm range},
  author={Schrader, M and Hell, SW and Van der Voort, HTM},
  journal={Applied physics letters},
  volume={69},
  number={24},
  pages={3644--3646},
  year={1996},
  publisher={AIP Publishing}
}

@article{abbe1873beitrage,
  title={Beitr{\"a}ge zur Theorie des Mikroskops und der mikroskopischen Wahrnehmung},
  author={Abbe, Ernst},
  journal={Archiv f{\"u}r mikroskopische Anatomie},
  volume={9},
  number={1},
  pages={413--418},
  year={1873},
  publisher={Springer}
}

@article{kwak1989scanning,
  title={Scanning electrochemical microscopy. Theory of the feedback mode},
  author={Kwak, Juhyoun and Bard, Allen J},
  journal={Analytical Chemistry},
  volume={61},
  number={11},
  pages={1221--1227},
  year={1989},
  publisher={ACS Publications}
}

@article{lam2000iterative,
  title={Iterative statistical approach to blind image deconvolution},
  author={Lam, Edmund Y and Goodman, Joseph W},
  journal={JOSA A},
  volume={17},
  number={7},
  pages={1177--1184},
  year={2000},
  publisher={Optical Society of America}
}

@article{lindner1986definition,
  title={Definition and determination of response time of ion selective electrodes},
  author={Lindner, E and T{\'o}th, KLARA and Pungor, E},
  journal={Pure and Applied Chemistry},
  volume={58},
  number={3},
  pages={469--479},
  year={1986}
}

@article{lindner1984definition,
  title={Definition of the response time of ion-selective electrodes and potentiometric cells},
  author={Lindner, Erno and Toth, Klara and Pungor, Erno},
  journal={Analytical Chemistry},
  volume={56},
  number={4},
  pages={808--810},
  year={1984},
  publisher={ACS Publications}
}

@article{lindner1982response,
  title={Response time studies for precipitate-based ion-selective electrodes in the range of the lower detection limit},
  author={Lindner, Erno and Toth, Klara and Pungor, Erno},
  journal={Analytical Chemistry},
  volume={54},
  number={1},
  pages={72--76},
  year={1982},
  publisher={ACS Publications}
}

@article{havas1981,
  author={Havas, J.; Kecskes, L.; Erdelyi, J.},
  journal={Hung. Sci. Instrum.},
  volume={57},
  pages={27},
  year={1981},
  publisher={}
}

@article{severinghaus1958electrodes,
  title={Electrodes for blood pO2 and pCO2 determination},
  author={Severinghaus, John W and Bradley, A Freeman},
  journal={Journal of applied physiology},
  volume={13},
  number={3},
  pages={515--520},
  year={1958},
  publisher={Am Physiological Soc}
}

@article{cai1993development,
  title={The development of pH and pCO2 microelectrodes for studying the carbonate chemistry of pore waters near the sediment-water interface},
  author={Cai, Wei-Jun and Reimers, Clare E},
  journal={Limnology and Oceanography},
  volume={38},
  number={8},
  pages={1762--1773},
  year={1993},
  publisher={Wiley Online Library}
}

@article{de1997fast,
  title={A fast-responding CO2 microelectrode for profiling sediments, microbial mats, and biofilms},
  author={De Beer, Dirk and Glud, Anni and Epping, Eric and Kuhl, Michael},
  journal={Limnology and Oceanography},
  volume={42},
  number={7},
  pages={1590--1600},
  year={1997},
  publisher={Wiley Online Library}
}

@article{zhao1997improved,
  title={An Improved Potentiometric p CO2 Microelectrode},
  author={Zhao, Pingsan and Cai, Wei-Jun},
  journal={Analytical Chemistry},
  volume={69},
  number={24},
  pages={5052--5058},
  year={1997},
  publisher={ACS Publications}
}

@article{hanstein2001miniaturised,
  title={Miniaturised carbon dioxide sensor designed for measurements within plant leaves},
  author={Hanstein, Stefan and de Beer, Dirk and Felle, Hubert H},
  journal={Sensors and Actuators B: Chemical},
  volume={81},
  number={1},
  pages={107--114},
  year={2001},
  publisher={Elsevier}
}

@article{beyenal2004improved,
  title={An improved Severinghaus-type carbon dioxide microelectrode for use in biofilms},
  author={Beyenal, Haluk and Davis, Catherine C and Lewandowski, Zbigniew},
  journal={Sensors and Actuators B: Chemical},
  volume={97},
  number={2},
  pages={202--210},
  year={2004},
  publisher={Elsevier}
}

@article{clark1953continuous,
  title={Continuous recording of blood oxygen tensions by polarography},
  author={Clark, Leland C and Wolf, Richard and Granger, Donald and Taylor, Zena},
  journal={Journal of applied physiology},
  volume={6},
  number={3},
  pages={189--193},
  year={1953},
  publisher={Am Physiological Soc}
}

@book{bard2012scanning,
  title={Scanning electrochemical microscopy},
  author={Bard, Allen J and Mirkin, Michael V},
  year={2012},
  publisher={CRC Press}
}

@article{bard1994scanning,
  title={Scanning electrochemical microscopy},
  author={Bard, Allen J and Fan, Fu-Ren F and Mirkin, Michael V},
  journal={Electroanalytical chemistry},
  volume={18},
  pages={243--373},
  year={1994},
  publisher={Marcel Dekker: New York}
}

@article{kiss2011air,
  title={Air Gap Microcell for Scanning Electrochemical Microscopic Imaging of Carbon Dioxide Output. Model Calculation and Gas Phase SECM Measurements for Estimation of Carbon Dioxide Producing Activity of Microbial Sources},
  author={Kiss, Andr{\'a}s and Kiss, Laszl{\'o} and Kov{\'a}cs, Barna and Nagy, G{\'e}za},
  journal={Electroanalysis},
  volume={23},
  number={10},
  pages={2320--2326},
  year={2011},
  publisher={Wiley Online Library}
}

@article{nikolskii1985solid,
  title={Solid contact in membrane ion-selective electrodes},
  author={Nikolskii, BP and Materova, EA},
  journal={Ion-Sel Electrode Rev},
  volume={7},
  number={3},
  year={1985}
}

@article{cattrall1971coated,
  title={Coated wire ion-selective electrodes},
  author={Cattrall, RW and Freiser, Henry},
  journal={Analytical Chemistry},
  volume={43},
  number={13},
  pages={1905--1906},
  year={1971},
  publisher={ACS Publications}
}

@article{bobacka2003potentiometric,
  title={Potentiometric ion sensors based on conducting polymers},
  author={Bobacka, Johan and Ivaska, Ari and Lewenstam, Andrzej},
  journal={Electroanalysis},
  volume={15},
  number={5-6},
  pages={366--374},
  year={2003},
  publisher={Wiley Online Library}
}

@article{bobacka2004all,
  title={All-solid-state ion sensors using conducting polymers as ion-to-electron transducers},
  author={Bobacka, Johan and Lindfors, Tom and Lewenstam, Andrzej and Ivaska, Ari},
  journal={American laboratory},
  volume={36},
  number={3},
  pages={13--20},
  year={2004},
  publisher={International Scientific Communications}
}

@article{bobacka2006conducting,
  title={Conducting Polymer-Based Solid-State Ion-Selective Electrodes},
  author={Bobacka, Johan},
  journal={Electroanalysis},
  volume={18},
  number={1},
  pages={7--18},
  year={2006},
  publisher={Wiley Online Library}
}

@article{michalska2006optimizing,
  title={Optimizing the analytical performance and construction of ion-selective electrodes with conducting polymer-based ion-to-electron transducers},
  author={Michalska, Agata},
  journal={Analytical and bioanalytical chemistry},
  volume={384},
  number={2},
  pages={391--406},
  year={2006},
  publisher={Springer}
}

@inproceedings{kounaves2002determination,
  title={Determination of geochemistry on Mars using an array of electrochemical sensors},
  author={Kounaves, Samuel P and Buehler, Martin G and Hecht, Michael H and West, Steve},
  booktitle={ACS Symposium Series},
  volume={811},
  pages={306--319},
  year={2002},
  organization={Washington, DC; American Chemical Society; 1999}
}

@article{sutter2004solid,
  title={Solid-contact polymeric membrane electrodes with detection limits in the subnanomolar range},
  author={Sutter, Jolanda and Radu, Aleksandar and Peper, Shane and Bakker, Eric and Pretsch, Ern{\"o}},
  journal={Analytica chimica acta},
  volume={523},
  number={1},
  pages={53--59},
  year={2004},
  publisher={Elsevier}
}

@article{malon2006potentiometry,
  title={Potentiometry at trace levels in confined samples: ion-selective electrodes with subfemtomole detection limits},
  author={Malon, Adam and Vigassy, Tam{\'a}s and Bakker, Eric and Pretsch, Ern{\"o}},
  journal={Journal of the American Chemical Society},
  volume={128},
  number={25},
  pages={8154--8155},
  year={2006},
  publisher={ACS Publications}
}

@article{sodergaard2003lowering,
  title={Lowering the detection limit of solvent polymeric ion-selective membrane electrodes. An experimental study with calcium-selective micropipette electrodes},
  author={S{\"o}derg{\aa}rd, Mikael and Cs{\'o}ka, Bal{\'a}zs and Nagy, G{\'e}za and Ivaska, Ari},
  journal={Analytical letters},
  volume={36},
  number={14},
  pages={2909--2923},
  year={2003},
  publisher={Taylor \& Francis}
}

@article{bobacka1994all,
  title={All solid-state poly (vinyl chloride) membrane ion-selective electrodes with poly (3-octylthiophene) solid internal contact},
  author={Bobacka, Johan and McCarrick, Mary and Lewenstam, Andrzej and Ivaska, Ari},
  journal={Analyst},
  volume={119},
  number={9},
  pages={1985--1991},
  year={1994},
  publisher={Royal Society of Chemistry}
}

@article{sun2004construction,
  title={Construction and characterization of potentiometric sensor for the determination of oxytetracycline hydrochloride},
  author={Sun, Xian Xiang and Zhang, Xu and Aboul-Enein, Hassan Y},
  journal={Il Farmaco},
  volume={59},
  number={4},
  pages={307--314},
  year={2004},
  publisher={Elsevier}
}

@article{paciorek2005miniature,
  title={Miniature planar chloride electrodes},
  author={Paciorek, Renata and Bieganowski, Przemys{\l}aw and Maj-{\.Z}urawska, Magdalena},
  journal={Sensors and Actuators B: Chemical},
  volume={108},
  number={1},
  pages={840--844},
  year={2005},
  publisher={Elsevier}
}

@article{hill2015art,
  title={The art of electronics},
  author={Hill, Winfield and Horowitz, Paul},
  year={2015},
  publisher={Cambridge University Press}
}

@article{davies1942microelectrodes,
  title={Microelectrodes for measuring local oxygen tension in animal tissues},
  author={Davies, Philip W and Brink Jr, Frank},
  journal={Review of Scientific Instruments},
  volume={13},
  number={12},
  pages={524--533},
  year={1942},
  publisher={AIP Publishing}
}

@article{adams1976probing,
  title={Probing brain chemistry with electroanalytical techniques},
  author={Adams, Ralph N},
  journal={Analytical Chemistry},
  volume={48},
  number={14},
  pages={1126A--1138A},
  year={1976},
  publisher={ACS Publications}
}

@article{bindra1975determination,
  title={The determination of the kinetics of very fast electrode reactions by means of a quasi steady-state method: The mercurous ion/mercury system: Part I. Theory},
  author={Bindra, P and Brown, AP and Fleischmann, M and Pletcher, D},
  journal={Journal of Electroanalytical Chemistry and Interfacial Electrochemistry},
  volume={58},
  number={1},
  pages={31--37},
  year={1975},
  publisher={Elsevier}
}

@article{kissinger1973voltammetry,
  title={Voltammetry in brain tissue -- a new neurophysiological measurement},
  author={Kissinger, Peter T and Hart, Jonathan B and Adams, Ralph N},
  journal={Brain research},
  volume={55},
  number={1},
  pages={209--213},
  year={1973},
  publisher={Elsevier}
}

@article{magno1995ultramicroelectrodes,
  title={Ultramicroelectrodes in kinetic investigations supported by simulation. A review with some additional examples},
  author={Magno, Franco and Lavagnini, Irma},
  journal={Analytica chimica acta},
  volume={305},
  number={1},
  pages={96--105},
  year={1995},
  publisher={Elsevier}
}

@article{fleischmann1987behavior,
  title={The behavior of microelectrodes},
  author={Fleischmann, Martin and Pons, Stanley},
  journal={Analytical Chemistry},
  volume={59},
  number={24},
  pages={1391A--1399A},
  year={1987},
  publisher={ACS Publications}
}

@article{bond1994past,
  title={Past, present and future contributions of microelectrodes to analytical studies employing voltammetric detection. A review},
  author={Bond, Alan M},
  journal={Analyst},
  volume={119},
  number={11},
  pages={1R--21R},
  year={1994},
  publisher={Royal Society of Chemistry}
}

@article{wightman1988voltammetry,
  title={Voltammetry with microscopic electrodes in new domains},
  author={Wightman, R Mark},
  journal={Science},
  volume={240},
  number={4851},
  pages={415--420},
  year={1988},
  publisher={American Association for the Advancement of Science}
}

@article{wightman1990high,
  title={High-speed cyclic voltammetry},
  author={Wightman, R Mark and Wipf, David O},
  journal={Accounts of Chemical Research},
  volume={23},
  number={3},
  pages={64--70},
  year={1990},
  publisher={ACS Publications}
}

@article{ewing1994electrochemical,
  title={Electrochemical detection in microcolumn separations},
  author={Ewing, Andrew G and Mesaros, Jody M and Gavin, Peter F},
  journal={Analytical chemistry},
  volume={66},
  number={9},
  pages={527A--537A},
  year={1994},
  publisher={ACS Publications}
}

@article{wightman1989electroanalytical,
  title={Electroanalytical Chemistry},
  author={Wightman, RM and Wipf, DO and Bard, AJ},
  journal={Vol. 15Marcel Dekker, New York},
  pages={267},
  year={1989}
}

@article{oldham1991microelectrodes,
  title={Microelectrodes: Theory and Applications},
  author={Oldham, KB and Montenegro, MI and Queiros, MA and Daschbach, JL},
  journal={ed. MI Montenegro, MA Queiros and JL Daschbach},
  pages={35},
  year={1991}
}

@article{ewing1981pulse,
  title={Pulse voltammetry with microvoltammetric electrodes},
  author={Ewing, AG and Dayton, MA and Wightman, RM},
  journal={Analytical Chemistry},
  volume={53},
  number={12},
  pages={1842--1847},
  year={1981},
  publisher={ACS Publications}
}

@book{montenegro2012microelectrodes,
  title={Microelectrodes: theory and applications},
  author={Montenegro, Irene and Queir{\'o}s, M Arlete and Daschbach, John L},
  volume={197},
  year={2012},
  publisher={Springer Science \& Business Media}
}

@article{izquierdo2012scanning,
  title={Scanning electrochemical microscopy for the investigation of corrosion processes: measurement of Zn 2+ spatial distribution with ion selective microelectrodes},
  author={Izquierdo, Javier and Nagy, L{\'\i}via and Varga, {\'A}gnes and Bitter, Istv{\'a}n and Nagy, G{\'e}za and Souto, Ricardo M},
  journal={Electrochimica Acta},
  volume={59},
  pages={398--403},
  year={2012},
  publisher={Elsevier}
}

@article{varga2011development,
  title={Development of solid contact micropipette Zn-ion selective electrode for corrosion studies},
  author={Varga, {\'A}gnes and Nagy, L{\'\i}via and Izquierdo, Javier and Bitter, Istv{\'a}n and Souto, Ricardo M and Nagy, G{\'e}za},
  journal={Analytical Letters},
  volume={44},
  number={18},
  pages={2876--2886},
  year={2011},
  publisher={Taylor \& Francis}
}

@article{gyetvai2007solid,
  title={Solid contact micropipette ion selective electrode for potentiometric SECM},
  author={Gyetvai, Gergely and Sundblom, S{\"o}ren and Nagy, L{\'\i}via and Ivaska, Ari and Nagy, G{\'e}za},
  journal={Electroanalysis},
  volume={19},
  number={10},
  pages={1116--1122},
  year={2007},
  publisher={Wiley Online Library}
}

@article{bastos2010micropotentiometric,
  title={Micropotentiometric mapping of local distributions of Zn 2+ relevant to corrosion studies},
  author={Bastos, AC and Taryba, MG and Karavai, OV and Zheludkevich, ML and Lamaka, SV and Ferreira, MGS},
  journal={Electrochemistry Communications},
  volume={12},
  number={3},
  pages={394--397},
  year={2010},
  publisher={Elsevier}
}

@article{lamaka2009novel,
  title={Novel Solid-Contact Ion-Selective Microelectrodes for Localized Potentiometric Measurements},
  author={Lamaka, Svetlana V and Taryba, Maryna G and Zheludkevich, Mikhail L and Ferreira, Mario GS},
  journal={Electroanalysis},
  volume={21},
  number={22},
  pages={2447--2453},
  year={2009},
  publisher={Wiley Online Library}
}

@article{lamaka2008monitoring,
  title={Monitoring local spatial distribution of Mg 2+, pH and ionic currents},
  author={Lamaka, SV and Karavai, OV and Bastos, AC and Zheludkevich, ML and Ferreira, MGS},
  journal={Electrochemistry Communications},
  volume={10},
  number={2},
  pages={259--262},
  year={2008},
  publisher={Elsevier}
}

@article{karavai2010localized,
  title={Localized electrochemical study of corrosion inhibition in microdefects on coated AZ31 magnesium alloy},
  author={Karavai, OV and Bastos, AC and Zheludkevich, ML and Taryba, MG and Lamaka, SV and Ferreira, MGS},
  journal={Electrochimica Acta},
  volume={55},
  number={19},
  pages={5401--5406},
  year={2010},
  publisher={Elsevier}
}

@article{kiss2011air,
  title={Air Gap Microcell for Scanning Electrochemical Microscopic Imaging of Carbon Dioxide Output. Model Calculation and Gas Phase SECM Measurements for Estimation of Carbon Dioxide Producing Activity of Microbial Sources},
  author={Kiss, Andr{\'a}s and Kiss, Laszl{\'o} and Kov{\'a}cs, Barna and Nagy, G{\'e}za},
  journal={Electroanalysis},
  volume={23},
  number={10},
  pages={2320--2326},
  year={2011},
  publisher={Wiley Online Library}
}

@article{ads,
  title={I2Cdev library collection},
  author={Jeff Rowberg},
  journal={https://github.com/jrowberg/i2cdevlib/blob/master/Arduino/ADS1115/ADS1115.h},
  year={2013},
  publisher={Github}
}


